@manual{postgresql,
  title        = {{PostgreSQL}},
  organization = {{PostgreSQL Global Development Group}},
  url          = {https://www.postgresql.org/}
}

@misc{redis,
  author       = {Antirez, Salvatore and Contributors},
  title        = {Redis - an open-source, in-memory data structure store},
  howpublished = {\url{https://redis.io}},
  year         = {2009}
}

@misc{docker,
  author       = {Docker, Inc.},
  title        = {Docker - Containerization Platform},
  howpublished = {\url{https://www.docker.com}},
  year         = {2013}
}

@misc{dnsmasq,
  author = {Simon Kelley},
  title  = {Dnsmasq - A lightweight DNS forwarder and DHCP server},
  url    = {https://thekelleys.org.uk/dnsmasq/doc.html}
}

@manual{typescript,
  author       = {Microsoft Corporation},
  title        = {TypeScript: JavaScript With Syntax For Types},
  organization = {Microsoft Corporation},
  edition      = {5.3},
  url          = {https://www.typescriptlang.org/}
}

@misc{nestjs,
  author = {Kamil My≈õliwiec and Contributors},
  title  = {NestJS - A progressive Node.js framework for building efficient, reliable, and scalable server-side applications},
  url    = {https://nestjs.com}
}

@misc{expressjs,
  author = {TJ Holowaychuk, StrongLoop and Contributors},
  title  = {Express.js - Fast, unopinionated, minimalist web framework for Node.js},
  url    = {https://expressjs.com}
}

@misc{fastify,
  author = {Matteo Collina and Contributors},
  title  = {Fastify - Fast and low overhead web framework for Node.js},
  url    = {https://www.fastify.io}
}

@misc{prisma,
  author = {Prisma},
  title  = {Prisma - Next-generation ORM for Node.js and TypeScript},
  url    = {https://www.prisma.io}
}

@online{prisma_optimization,
  title  = {Prisma - Query optimization},
  author = {Prisma},
  url    = {https://www.prisma.io/docs/orm/prisma-client/queries/query-optimization-performance},
  note   = {Prisma Documentation}
}

@online{medium_dataloaders_graphql,
  author = {Mike Cronin},
  title  = {How to use DataLoaders in GraphQL},
  url    = {https://medium.com/the-marcy-lab-school/how-to-use-dataloader-js-9727c527efd0},
  note   = {Medium - Requires membership}
}

@software{passport,
  author = {Jared Hanson and contributors},
  title  = {Passport},
  url    = {http://www.passportjs.org/},
  note   = {Express-compatible authentication middleware for Node.js}
}

@software{apollo_server,
  author = {Apollo GraphQL and contributors},
  title  = {Apollo Server},
  url    = {https://www.apollographql.com/docs/apollo-server/},
  note   = {A community-driven, open-source GraphQL server for Node.js}
}

@software{nestjs_graphql,
  author = {NestJS and contributors},
  title  = {NestJS GraphQL},
  url    = {https://docs.nestjs.com/graphql/introduction},
  note   = {NestJS integration for GraphQL}
}

@software{nextjs,
  author = {Vercel},
  title  = {Next.js},
  url    = {https://nextjs.org/}
}

@online{nextjs-app-router,
  author = {Vercel},
  title  = {Next.js - App Router},
  url    = {https://nextjs.org/docs/app}
}

@software{react,
  author = {Facebook and contributors},
  title  = {React},
  url    = {https://react.dev/}
}

@online{react-hydrateroot,
  author = {React Documentation},
  title  = {React HydrateRoot - React},
  url    = {https://react.dev/reference/react-dom/client/hydrateRoot}
}

@online{apollo-client,
  author = {Apollo GraphQL},
  title  = {Apollo Client - Getting Started },
  url    = {https://www.apollographql.com/docs/react/get-started}
}

@online{shadcnui,
  title = {Shadcn UI},
  url   = {https://ui.shadcn.com/},
  note  = {Accessed on: \today}
}

@online{radix-ui,
  title = {Radix UI Primitives},
  url   = {https://www.radix-ui.com/primitives},
  note  = {Accessed: \today}
}

@misc{tailwindcss,
  title = {Tailwind CSS},
  url   = {https://tailwindcss.com/},
  note  = {Accessed: \today}
}

@online{bootstrap,
  title  = {Bootstrap},
  author = {Bootstrap Core Team},
  url    = {https://getbootstrap.com/}
}

@misc{sha256,
  title  = {Secure Hash Standard},
  author = {{National Institute of Standards and Technology}},
  url    = {https://csrc.nist.gov/publications/detail/fips/180/4/final}
}

@online{datagrip-diagrams-icons,
  title  = {DataGrip diagrams symbol reference},
  author = {{JetBrains}},
  url    = {https://www.jetbrains.com/help/datagrip/creating-diagrams.html#reference},
  note   = {Accessed: January 6, 2024}
}

@software{datagrip,
  author = {{JetBrains}},
  title  = {DataGrip},
  url    = {https://www.jetbrains.com/datagrip/}
}

@online{prisma-seeding,
  author = {Prisma},
  title  = {Seeding - Prisma Migrate Documentation},
  url    = {https://www.prisma.io/docs/orm/prisma-migrate/workflows/seeding}
}

@misc{git,
  author = {Junio Hamano, Linus Torvalds},
  title  = {Git - Fast Version Control System},
  url    = {https://git-scm.com},
  year   = {2005}
}

@online{github,
  author = {GitHub},
  title  = {GitHub},
  url    = {https://github.com}
}

@online{github-actions,
  author = {GitHub},
  title  = {GitHub Actions},
  url    = {https://github.com/features/actions}
}

@misc{prettier,
  author = {Prettier},
  title  = {Prettier - Opinionated Code Formatter},
  url    = {https://prettier.io}
}

@misc{jsdoc,
  title = {JSDoc: JavaScript Documentation Tool},
  url   = {https://jsdoc.app/}
}

@misc{eslint,
  title = {ESLint: The Pluggable JavaScript Linter},
  url   = {https://eslint.org/}
}

@misc{typescript-eslint,
  title  = {TypeScript ESLint},
  author = {TypeScript ESLint Team},
  url    = {https://typescript-eslint.io/}
}

@misc{eslint-plugin-unicorn,
  title = {Unicorn: More than 100 powerful ESLint rules},
  url   = {https://github.com/sindresorhus/eslint-plugin-unicorn},
  note  = {Github repository of the project}
}

@software{jest,
  author = {{Facebook}},
  title  = {Jest},
  url    = {https://jestjs.io/},
  note   = {JavaScript Testing Framework}
}

@misc{testcontainers,
  title = {Testcontainers Documentation},
  url   = {https://testcontainers.com/}
}

@article{google-monorepo,
  author  = {Rachel Potvin, Josh Levenberg},
  title   = {Why Google Stores Billions of Lines of Code in a Single Repository},
  journal = {Communications of the ACM},
  volume  = {59},
  number  = {7},
  year    = {2016},
  pages   = {78-87},
  url     = {https://research.google/pubs/why-google-stores-billions-of-lines-of-code-in-a-single-repository/}
}

@article{facebook-monorepo,
  author  = {Joel Marcey},
  title   = {Scaling Mercurial at Facebook},
  journal = {Facebook Engineering},
  year    = {2014},
  url     = {https://engineering.fb.com/developer-tools/scaling-mercurial-at-facebook/}
}

@misc{turborepo,
  author = {{TurboRepo Development Team}},
  title  = {{TurboRepo}: The build system that makes ship happen},
  url    = {https://turbo.build/}
}

@misc{pnpm-workspaces,
  author = {Contributors of pnpm},
  title  = {Pnpm Workspaces},
  url    = {https://pnpm.io/workspaces}
}

@software{loc,
  author = {cgag},
  title  = {loc: Count lines of code quickly},
  url    = {https://github.com/cgag/loc}
}