@software{proxmox,
  title = {Proxmox Virtual Environment},
  url   = {https://www.proxmox.com/proxmox-ve}
}

@online{debian,
  title        = {Debian GNU/Linux},
  organization = {Debian Project},
  url          = {https://www.debian.org/}
}