@online{sysrescuecd,
  author = {{SysRescueCD}},
  title  = {{SystemRescueCD}},
  year   = {2023},
  url    = {https://www.system-rescue.org/},
  note   = {[Online; accessed 24 December 2023]}
}