@online{ipxe_vs_gpxe,
  author = {Richard Groux},
  title  = {What is gPXE  - now it s iPXE},
  url    = {https://sites.google.com/site/richardgroux/infrastructure-1/Network/pxe-boot/what-is-gpxe-1},
  note   = {Accessed on: \today}
}
